



@article{chiang07,
	Author = {David Chiang},
	Date-Added = {2009-07-16 22:36:28 -0400},
	Date-Modified = {2009-07-16 22:37:06 -0400},
	Journal = {Computational Linguistics},
	Title = {Hierarchical Phrase-Based Translation},
	Year = {2007}}

@webpage{javaglossary,
	Date-Added = {2009-05-27 14:01:08 -0500},
	Date-Modified = {2009-05-27 14:01:22 -0500},
	Url = {http://java.sun.com/docs/glossary.html}}

@manual{geosoft,
	Date-Added = {2009-05-27 13:47:35 -0500},
	Date-Modified = {2009-05-27 13:52:42 -0500},
	Edition = {6.1},
	Month = {March},
	Organization = {Geotechnical Software Services},
	Title = {Java Programming Style Guidelines},
	Url = {http://geosoft.no/development/javastyle.html},
	Year = {2008},
	Bdsk-Url-1 = {http://geosoft.no/development/javastyle.html}}

@misc{ambysoft,
	Author = {Ambler, Scott W.},
	Date-Added = {2009-05-27 13:42:34 -0500},
	Date-Modified = {2009-05-27 13:54:18 -0500},
	Howpublished = {White paper},
	Institution = {AmbySoft Inc},
	Month = {January},
	Title = {Writing Robust Java Code},
	Url = {http://www.ambysoft.com/downloads/javaCodingStandards.pdf},
	Year = {2000},
	Bdsk-Url-1 = {http://www.ambysoft.com/downloads/javaCodingStandards.pdf}}

@phdthesis{lopez08phd,
	Author = {Adam Lopez},
	Date-Added = {2009-05-01 15:58:58 -0500},
	Date-Modified = {2009-05-01 16:00:03 -0500},
	Month = {March},
	School = {University of Maryland},
	Title = {Machine Translation by Pattern Matching},
	Year = {2008}}
